<record><leader>00000cas a2200000 a 4500</leader><controlfield tag="001">9313417</controlfield><controlfield tag="008">830316d18211845nyucr ne      0    0eng c</controlfield><datafield ind1=" " ind2=" " tag="010"><subfield code="a">sn 83030019 </subfield></datafield><datafield ind1=" " ind2=" " tag="040"><subfield code="a">NPU</subfield><subfield code="b">eng</subfield><subfield code="c">NPU</subfield><subfield code="d">NPA</subfield><subfield code="d">NPX</subfield><subfield code="d">DLC</subfield><subfield code="d">NYS</subfield><subfield code="d">YOX</subfield><subfield code="d">NYS</subfield><subfield code="d">YOX</subfield><subfield code="d">NYS</subfield><subfield code="d">KNP</subfield><subfield code="d">MGN</subfield><subfield code="d">NVF</subfield><subfield code="d">FUG</subfield><subfield code="d">DCN</subfield><subfield code="d">OCL</subfield><subfield code="d">CVF</subfield><subfield code="d">NYS</subfield><subfield code="d">DLC</subfield><subfield code="d">KRTAS</subfield><subfield code="d">OCLCQ</subfield><subfield code="d">OCLCF</subfield><subfield code="d">OCLCO</subfield><subfield code="d">AQM</subfield></datafield><datafield ind1="1" ind2=" " tag="029"><subfield code="a">AU@</subfield><subfield code="b">000042108023</subfield></datafield><datafield ind1=" " ind2=" " tag="042"><subfield code="a">pcc</subfield></datafield><datafield ind1=" " ind2=" " tag="043"><subfield code="a">n-us-ny</subfield></datafield><datafield ind1="0" ind2="0" tag="050"><subfield code="a">Newspaper</subfield></datafield><datafield ind1="0" ind2="0" tag="245"><subfield code="a">New-York American, for the country.</subfield></datafield><datafield ind1="3" ind2=" " tag="246"><subfield code="a">New York American</subfield></datafield><datafield ind1=" " ind2=" " tag="260"><subfield code="a">New York [N.Y.] :</subfield><subfield code="b">Printed for the proprietor, by J.M. Elliott,</subfield><subfield code="c">1821-1845.</subfield></datafield><datafield ind1=" " ind2=" " tag="300"><subfield code="a">25 v. :</subfield><subfield code="b">ill. ;</subfield><subfield code="c">53-70 cm.</subfield></datafield><datafield ind1=" " ind2=" " tag="310"><subfield code="a">Semiweekly</subfield></datafield><datafield ind1="0" ind2=" " tag="362"><subfield code="a">Vol. 2, no. 159 (Sept. 15, 1821)-v. 26, no. 851 (Feb. 17, 1845).</subfield></datafield><datafield ind1=" " ind2=" " tag="500"><subfield code="a">Published on Tuesday and Friday, &lt;1825-1840&gt;; Wednesday and Saturday, &lt;1841&gt;.</subfield></datafield><datafield ind1=" " ind2=" " tag="530"><subfield code="a">Also issued on microfilm from the New York Public Library, and the Library of Congress, Photoduplication Service.</subfield></datafield><datafield ind1=" " ind2=" " tag="580"><subfield code="a">Daily ed.: New-York American (New York, N.Y. : 1821), 1821.</subfield></datafield><datafield ind1=" " ind2=" " tag="580"><subfield code="a">Triweekly ed.: New-York American (New York, N.Y. : 1832), 1832-&lt;1842&gt;.</subfield></datafield><datafield ind1=" " ind2="0" tag="651"><subfield code="a">New York (N.Y.)</subfield><subfield code="v">Newspapers.</subfield></datafield><datafield ind1=" " ind2="0" tag="651"><subfield code="a">New York County (N.Y.)</subfield><subfield code="v">Newspapers.</subfield></datafield><datafield ind1=" " ind2="7" tag="651"><subfield code="a">New York (State)</subfield><subfield code="z">New York.</subfield><subfield code="2">fast</subfield><subfield code="0">(OCoLC)fst01204333</subfield></datafield><datafield ind1=" " ind2="7" tag="651"><subfield code="a">New York (State)</subfield><subfield code="z">New York County.</subfield><subfield code="2">fast</subfield><subfield code="0">(OCoLC)fst01234953</subfield></datafield><datafield ind1=" " ind2="7" tag="655"><subfield code="a">Newspapers.</subfield><subfield code="2">fast</subfield><subfield code="0">(OCoLC)fst01423814</subfield></datafield><datafield ind1=" " ind2="7" tag="655"><subfield code="a">Newspapers.</subfield><subfield code="2">rbgenr</subfield></datafield><datafield ind1=" " ind2=" " tag="752"><subfield code="a">United States</subfield><subfield code="b">New York</subfield><subfield code="c">New York</subfield><subfield code="d">New York.</subfield></datafield><datafield ind1="1" ind2=" " tag="775"><subfield code="t">New-York American (New York, N.Y. : 1821)</subfield><subfield code="w">(DLC)sn 83030013</subfield><subfield code="w">(OCoLC)9304809</subfield></datafield><datafield ind1="1" ind2=" " tag="775"><subfield code="t">New-York American (New York, N.Y. : 1832)</subfield><subfield code="w">(DLC)sn 83030022</subfield><subfield code="w">(OCoLC)9319631</subfield></datafield><datafield ind1="0" ind2="0" tag="780"><subfield code="t">American, for the country</subfield><subfield code="w">(DLC)sn 84024332</subfield><subfield code="w">(OCoLC)11175345</subfield></datafield><datafield ind1="0" ind2="4" tag="785"><subfield code="t">Semi-weekly courier and New-York enquirer</subfield><subfield code="w">(DLC)sn 88073087</subfield><subfield code="w">(OCoLC)20644152</subfield></datafield><datafield ind1=" " ind2=" " tag="938"><subfield code="a">Kirtas Technologies, Inc.</subfield><subfield code="b">KRTS</subfield><subfield code="n">736269</subfield></datafield></record>